<record><leader>00000cas a2200000 a 4500</leader><controlfield tag="001">37991513</controlfield><controlfield tag="008">971121c19uu9999nyudr ne      0    0kor c</controlfield><datafield ind1=" " ind2=" " tag="010"><subfield code="a">sn2004060371</subfield></datafield><datafield ind1=" " ind2=" " tag="040"><subfield code="a">JHS</subfield><subfield code="b">eng</subfield><subfield code="c">JHS</subfield><subfield code="d">NYS</subfield><subfield code="d">PULEA</subfield><subfield code="d">ZCU</subfield><subfield code="d">OCLCQ</subfield><subfield code="d">OCLCF</subfield><subfield code="d">OCLCO</subfield><subfield code="d">OCLCQ</subfield></datafield><datafield ind1=" " ind2=" " tag="066"><subfield code="c">$1</subfield></datafield><datafield ind1="0" ind2=" " tag="041"><subfield code="a">kor</subfield><subfield code="a">eng</subfield></datafield><datafield ind1=" " ind2=" " tag="042"><subfield code="a">pcc</subfield></datafield><datafield ind1=" " ind2=" " tag="043"><subfield code="a">n-us-ny</subfield></datafield><datafield ind1="0" ind2=" " tag="130"><subfield code="a">Chungang ilbo (New York, N.Y.)</subfield></datafield><datafield ind1="0" ind2="0" tag="245"><subfield code="6">880-01</subfield><subfield code="a">Chungang ilbo =</subfield><subfield code="b">The Korea daily.</subfield></datafield><datafield ind1="1" ind2="3" tag="246"><subfield code="a">Korea daily</subfield></datafield><datafield ind1="1" ind2="3" tag="246"><subfield code="a">Korea central daily</subfield></datafield><datafield ind1="1" ind2="3" tag="246"><subfield code="a">Joong-ang ilbo</subfield></datafield><datafield ind1=" " ind2=" " tag="250"><subfield code="a">New York ed.</subfield></datafield><datafield ind1=" " ind2=" " tag="260"><subfield code="6">880-02</subfield><subfield code="a">Long Island City, N.Y. :</subfield><subfield code="b">Nyuyok Chungang-ilbo</subfield></datafield><datafield ind1=" " ind2=" " tag="300"><subfield code="a">volumes :</subfield><subfield code="b">illustrations (some color) ;</subfield><subfield code="c">58 cm</subfield></datafield><datafield ind1=" " ind2=" " tag="310"><subfield code="a">Daily</subfield></datafield><datafield ind1=" " ind2=" " tag="336"><subfield code="a">text</subfield><subfield code="b">txt</subfield><subfield code="2">rdacontent</subfield></datafield><datafield ind1=" " ind2=" " tag="337"><subfield code="a">unmediated</subfield><subfield code="b">n</subfield><subfield code="2">rdamedia</subfield></datafield><datafield ind1=" " ind2=" " tag="338"><subfield code="a">volume</subfield><subfield code="b">nc</subfield><subfield code="2">rdacarrier</subfield></datafield><datafield ind1=" " ind2=" " tag="500"><subfield code="a">Publisher varies: Korea Central Daily.</subfield></datafield><datafield ind1=" " ind2=" " tag="530"><subfield code="a">Available via the World Wide Web.</subfield></datafield><datafield ind1=" " ind2=" " tag="546"><subfield code="a">In Korean with some advertisements in English.</subfield></datafield><datafield ind1=" " ind2=" " tag="588"><subfield code="a">Description based on: No. 11677 (Feb. 26, 2003).</subfield></datafield><datafield ind1=" " ind2="0" tag="650"><subfield code="a">Korean Americans</subfield><subfield code="z">New York (State)</subfield><subfield code="z">New York</subfield><subfield code="v">Newspapers.</subfield></datafield><datafield ind1=" " ind2="0" tag="650"><subfield code="a">Koreans</subfield><subfield code="z">United States</subfield><subfield code="v">Newspapers.</subfield></datafield><datafield ind1=" " ind2="0" tag="651"><subfield code="a">Long Island City (New York, N.Y.)</subfield><subfield code="v">Newspapers.</subfield></datafield><datafield ind1=" " ind2="0" tag="651"><subfield code="a">Queens (New York, N.Y.)</subfield><subfield code="v">Newspapers.</subfield></datafield><datafield ind1=" " ind2="0" tag="651"><subfield code="a">Queens County (N.Y.)</subfield><subfield code="v">Newspapers.</subfield></datafield><datafield ind1=" " ind2="0" tag="651"><subfield code="a">New York (N.Y.)</subfield><subfield code="v">Newspapers.</subfield></datafield><datafield ind1=" " ind2="7" tag="650"><subfield code="a">Korean Americans.</subfield><subfield code="2">fast</subfield><subfield code="0">(OCoLC)fst00988587</subfield></datafield><datafield ind1=" " ind2="7" tag="650"><subfield code="a">Koreans.</subfield><subfield code="2">fast</subfield><subfield code="0">(OCoLC)fst00988927</subfield></datafield><datafield ind1=" " ind2="7" tag="651"><subfield code="a">New York (State)</subfield><subfield code="z">New York.</subfield><subfield code="2">fast</subfield><subfield code="0">(OCoLC)fst01204333</subfield></datafield><datafield ind1=" " ind2="7" tag="651"><subfield code="a">New York (State)</subfield><subfield code="z">New York</subfield><subfield code="z">Long Island City.</subfield><subfield code="2">fast</subfield><subfield code="0">(OCoLC)fst01315587</subfield></datafield><datafield ind1=" " ind2="7" tag="651"><subfield code="a">New York (State)</subfield><subfield code="z">New York</subfield><subfield code="z">Queens.</subfield><subfield code="2">fast</subfield><subfield code="0">(OCoLC)fst01313007</subfield></datafield><datafield ind1=" " ind2="7" tag="651"><subfield code="a">New York (State)</subfield><subfield code="z">Queens County.</subfield><subfield code="2">fast</subfield><subfield code="0">(OCoLC)fst01246810</subfield></datafield><datafield ind1=" " ind2="7" tag="651"><subfield code="a">United States.</subfield><subfield code="2">fast</subfield><subfield code="0">(OCoLC)fst01204155</subfield></datafield><datafield ind1=" " ind2="7" tag="655"><subfield code="a">Newspapers.</subfield><subfield code="2">fast</subfield><subfield code="0">(OCoLC)fst01423814</subfield></datafield><datafield ind1=" " ind2=" " tag="752"><subfield code="a">United States</subfield><subfield code="b">New York</subfield><subfield code="c">Queens</subfield><subfield code="d">Long Island City.</subfield></datafield><datafield ind1=" " ind2=" " tag="752"><subfield code="a">United States</subfield><subfield code="b">New York</subfield><subfield code="d">New York.</subfield></datafield><datafield ind1="0" ind2=" " tag="775"><subfield code="t">Chungang ilbo (Chicago, Ill.)</subfield><subfield code="w">(OCoLC)49214511</subfield></datafield><datafield ind1="0" ind2=" " tag="775"><subfield code="t">Chungang ilbo (Denver, Colo.)</subfield><subfield code="w">(OCoLC)51999182</subfield></datafield><datafield ind1="0" ind2=" " tag="775"><subfield code="t">Chungang ilbo (N.W. ed.)</subfield><subfield code="w">(OCoLC)4885311</subfield></datafield><datafield ind1="0" ind2=" " tag="775"><subfield code="t">Chungang ilbo (Los Angeles, Calif.)</subfield></datafield><datafield ind1="0" ind2=" " tag="775"><subfield code="t">Chungang ilbo (San Francisco, Calif.)</subfield></datafield><datafield ind1="0" ind2=" " tag="775"><subfield code="t">Chungang ilbo (Washington, D.C.)</subfield></datafield><datafield ind1="4" ind2="1" tag="856"><subfield code="u">http://ny.joongangusa.com</subfield></datafield><datafield ind1="0" ind2="0" tag="880"><subfield code="6">245-01/$1</subfield><subfield code="a">&#51473;&#50521;&#51068;&#48372; =</subfield><subfield code="b">The Korea daily.</subfield></datafield><datafield ind1=" " ind2=" " tag="880"><subfield code="6">260-02/$1</subfield><subfield code="a">Long Island City, N.Y. :</subfield><subfield code="b">&#45684;&#50837; &#51473;&#50521; &#51068;&#48372;</subfield></datafield><datafield ind1="1" ind2=" " tag="029"><subfield code="a">AU@</subfield><subfield code="b">000015755948</subfield></datafield><datafield ind1="1" ind2=" " tag="029"><subfield code="a">AU@</subfield><subfield code="b">000025460031</subfield></datafield></record>